<record><leader>00000cas a2200000 a 4500</leader><controlfield tag="001">42341163</controlfield><controlfield tag="007">hd afb---buuu</controlfield><controlfield tag="007">hd bfb---buuu</controlfield><controlfield tag="008">820805d18801904wauwr nea     0   a0eng c</controlfield><datafield ind1=" " ind2=" " tag="010"><subfield code="a">  2011252760</subfield></datafield><datafield ind1=" " ind2=" " tag="040"><subfield code="a">Wa</subfield><subfield code="b">eng</subfield><subfield code="c">WRJ</subfield><subfield code="d">OCL</subfield><subfield code="d">OCLCQ</subfield><subfield code="d">WAU</subfield><subfield code="d">OCLCF</subfield></datafield><datafield ind1=" " ind2=" " tag="042"><subfield code="a">pcc</subfield></datafield><datafield ind1=" " ind2=" " tag="043"><subfield code="a">n-us-wa</subfield></datafield><datafield ind1="0" ind2="4" tag="082"><subfield code="a">071.9744</subfield><subfield code="2">19</subfield></datafield><datafield ind1="0" ind2="0" tag="245"><subfield code="a">Washington independent</subfield><subfield code="h">[microform].</subfield></datafield><datafield ind1=" " ind2=" " tag="260"><subfield code="a">Pomeroy, W.T. :</subfield><subfield code="b">F.W.D. Mays</subfield></datafield><datafield ind1=" " ind2=" " tag="300"><subfield code="a">v. :</subfield><subfield code="b">ill.</subfield></datafield><datafield ind1=" " ind2=" " tag="310"><subfield code="a">Weekly</subfield></datafield><datafield ind1="1" ind2=" " tag="362"><subfield code="a">Began in 1880; ceased in 1904.</subfield><subfield code="z">Cf. Newspapers in microform : United States, 1948-1972.</subfield></datafield><datafield ind1=" " ind2=" " tag="515"><subfield code="a">Suspended: July 18, 1900-Mar. 1901. Cf. Newspapers in microform : United States, 1948-1972.</subfield></datafield><datafield ind1=" " ind2=" " tag="533"><subfield code="a">Microfilm.</subfield><subfield code="b">[Berkeley, Calif. :</subfield><subfield code="c">University of California,</subfield><subfield code="d">19--].</subfield><subfield code="e">3 microfilm reels ; 35 mm.</subfield></datafield><datafield ind1=" " ind2=" " tag="588"><subfield code="a">Description based on: Vol. 1, no. 5 (Sept. 9, 1880); title from masthead.</subfield></datafield><datafield ind1=" " ind2=" " tag="588"><subfield code="a">Latest issue consulted: Vol. 14, no. 7 (June 14, 1894).</subfield></datafield><datafield ind1=" " ind2="0" tag="651"><subfield code="a">Pomeroy (Wash.)</subfield><subfield code="v">Newspapers.</subfield></datafield><datafield ind1=" " ind2="7" tag="655"><subfield code="a">Newspapers.</subfield><subfield code="2">fast</subfield><subfield code="0">(OCoLC)fst01423814</subfield></datafield><datafield ind1=" " ind2="7" tag="651"><subfield code="a">Washington (State)</subfield><subfield code="z">Pomeroy.</subfield><subfield code="2">fast</subfield><subfield code="0">(OCoLC)fst01291751</subfield></datafield><datafield ind1=" " ind2=" " tag="752"><subfield code="a">United States</subfield><subfield code="b">Washington</subfield><subfield code="c">Garfield</subfield><subfield code="d">Pomeroy.</subfield></datafield></record>